<record><leader>00000cas a22000007a 4500</leader><controlfield tag="001">12359954</controlfield><controlfield tag="008">850807d19261959mtuwr ne      0    0eng d</controlfield><datafield ind1=" " ind2=" " tag="010"><subfield code="a">sn 85053223 </subfield></datafield><datafield ind1=" " ind2=" " tag="040"><subfield code="a">MTL</subfield><subfield code="b">eng</subfield><subfield code="c">MTL</subfield><subfield code="d">OCLCQ</subfield></datafield><datafield ind1=" " ind2=" " tag="042"><subfield code="a">msc</subfield></datafield><datafield ind1="0" ind2="4" tag="245"><subfield code="a">The Camas Hot Springs exchange.</subfield></datafield><datafield ind1=" " ind2=" " tag="260"><subfield code="a">Camas, Mont. :</subfield><subfield code="b">E.B. Gannaway,</subfield><subfield code="c">-1959.</subfield></datafield><datafield ind1=" " ind2=" " tag="300"><subfield code="a">33 v. :</subfield><subfield code="b">ill. ;</subfield><subfield code="c">51 cm.</subfield></datafield><datafield ind1=" " ind2=" " tag="310"><subfield code="a">Weekly,</subfield><subfield code="b">1936-1959</subfield></datafield><datafield ind1=" " ind2=" " tag="321"><subfield code="a">Semiweekly,</subfield><subfield code="b">1926-1935</subfield></datafield><datafield ind1="0" ind2=" " tag="362"><subfield code="a">-v. 33, no. 42 (Dec. 17, 1959).</subfield></datafield><datafield ind1="1" ind2=" " tag="362"><subfield code="a">"Established Mar. 4, 1926."</subfield></datafield><datafield ind1=" " ind2=" " tag="500"><subfield code="a">Place of publication varies: Camas, &lt;Mar. 4, 1926&gt;-Sept. 24, 1942; Hot Springs, Oct. 1, 1942-Dec. 17, 1959.</subfield></datafield><datafield ind1=" " ind2=" " tag="588"><subfield code="a">Description based on: Vol. 13, no. 18 (June 30, 1938).</subfield></datafield><datafield ind1=" " ind2=" " tag="752"><subfield code="a">United States</subfield><subfield code="b">Montana</subfield><subfield code="c">Sanders</subfield><subfield code="d">Hot Springs.</subfield></datafield><datafield ind1=" " ind2=" " tag="752"><subfield code="a">United States</subfield><subfield code="b">Montana</subfield><subfield code="c">Sanders</subfield><subfield code="d">Camas.</subfield></datafield></record>